<record><leader>00000cas a22000007a 4500</leader><controlfield tag="001">34046985</controlfield><controlfield tag="008">960117d188918uucauwr ne      0    0eng d</controlfield><datafield ind1=" " ind2=" " tag="010"><subfield code="a">sn 95061273 </subfield></datafield><datafield ind1=" " ind2=" " tag="040"><subfield code="a">CNK</subfield><subfield code="b">eng</subfield><subfield code="c">CNK</subfield><subfield code="d">OCLCQ</subfield><subfield code="d">OCLCF</subfield><subfield code="d">OCLCO</subfield></datafield><datafield ind1="1" ind2=" " tag="029"><subfield code="a">AU@</subfield><subfield code="b">000025862949</subfield></datafield><datafield ind1=" " ind2=" " tag="042"><subfield code="a">msc</subfield></datafield><datafield ind1=" " ind2=" " tag="043"><subfield code="a">n-us-ca</subfield></datafield><datafield ind1="0" ind2="0" tag="245"><subfield code="a">Booth's bazoo.</subfield></datafield><datafield ind1=" " ind2=" " tag="260"><subfield code="a">Needles, Calif. :</subfield><subfield code="b">Booth &amp; Booth</subfield></datafield><datafield ind1=" " ind2=" " tag="300"><subfield code="a">v.</subfield></datafield><datafield ind1=" " ind2=" " tag="310"><subfield code="a">Weekly</subfield></datafield><datafield ind1="0" ind2=" " tag="362"><subfield code="a">Vol. 1, no. 23 [i.e. 24] (Feb. 16, 1889)-</subfield></datafield><datafield ind1=" " ind2="0" tag="651"><subfield code="a">Needles (Calif.)</subfield><subfield code="v">Newspapers.</subfield></datafield><datafield ind1=" " ind2="7" tag="655"><subfield code="a">Newspapers.</subfield><subfield code="2">fast</subfield><subfield code="0">(OCoLC)fst01423814</subfield></datafield><datafield ind1=" " ind2="7" tag="651"><subfield code="a">California</subfield><subfield code="z">Needles.</subfield><subfield code="2">fast</subfield><subfield code="0">(OCoLC)fst01219063</subfield></datafield><datafield ind1=" " ind2=" " tag="752"><subfield code="a">United States</subfield><subfield code="b">California</subfield><subfield code="c">San Bernardino</subfield><subfield code="d">Needles.</subfield></datafield><datafield ind1="0" ind2="0" tag="780"><subfield code="t">Our bazoo</subfield><subfield code="w">(DLC)sn 95061272</subfield></datafield></record>